@misc{
wordlewiki,
author={Wikipedia}
}

@misc{
dota,
author={DeepMind},
}

@misc{
scrabble,
author={SomeoneElse}
}

@misc{
solver1,
author={{3 Blue one Brown}}
}

@misc{
solver2,
author={Unkown}

}
